@misc{communityalgo,
Author = {Vincent D. Blondel and Jean-Loup Guillaume and Renaud Lambiotte and Etienne Lefebvre},
Title = {Fast unfolding of communities in large networks},
Year = {2008},
Eprint = {arXiv:0803.0476},
Howpublished = {J. Stat. Mech. (2008) P10008},
Doi = {10.1088/1742-5468/2008/10/P10008},
}

@misc{hubsconnectors,
Author = {Roger Guimera and Luis A. Nunes Amaral},
Title = {Functional cartography of complex metabolic networks},
Year = {2005},
Eprint = {arXiv:q-bio/0502035},
Howpublished = {Nature 433, 895-900 (2005)},
Doi = {10.1038/nature03288},
}

@misc{conductance,
Author = {Santo Fortunato},
Title = {Community detection in graphs},
Year = {2009},
Eprint = {arXiv:0906.0612},
Howpublished = {Physics Reports 486, 75-174 (2010)},
Doi = {10.1016/j.physrep.2009.11.002},
}
